
@article{cohen,
	author = {Jacob Cohen},
	journal = {Educational and Psychological Measurement},
	number = {1},
	pages = {37-46},
	title = {A Coefficient of Agreement for Nominal Scales},
	volume = {20},
	year = {1960}}

@article{spectral,
	author = {Bjoern H Menze and B Michael Kelm and Ralf Masuch and Uwe Himmelreich and Peter Bachert and Wolfgang Petrich and Fred A Hamprecht},
	journal = {BMC Bioinformatics},
	number = {213},
	title = {A comparison of random forest and its Gini importance with standard chemometric methods for the feature selection and classification of spectral data},
	volume = {10},
	year = {2009}}

@article{tian,
	author = {Shuo Tian and Lianhua Qu and Lei Wang and Kai Hu and Nan Li and Weixia Xu},
	journal = {Neurocomputing},
	pages = {174-182},
	title = {A neural architecture search based framework for liquid state machine design},
	volume = {443},
	year = {2021}}

@article{wyse,
	author = {Lonce Wyse},
	journal = {CoRR},
	title = {Audio Spectrogram Representations for Processing with Convolutional Neural Networks},
	volume = {abs/1706.09559},
	year = {2017}}

@article{lutz,
	author = {Lutz Prechelt},
	journal = {Neural Networks},
	number = {4},
	pages = {761-767},
	title = {Automatic early stopping using cross validation: quantifying the criteria},
	volume = {11},
	year = {1998}}

@article{biau,
	author = {G{{\'e}}rard Biau and Luc Devroye and G{{\'a}}bor Lugosi},
	journal = {Journal of Machine Learning Research},
	number = {66},
	pages = {2015-2033},
	title = {Consistency of Random Forests and Other Averaging Classifiers},
	volume = {9},
	year = {2008}}

@article{solve,
	author = {Manuel Fern{{\'a}}ndez-Delgado and Eva Cernadas and Sen{{\'e}}n Barro and Dinani Amorim},
	journal = {Journal of Machine Learning Research},
	number = {90},
	pages = {3133-3181},
	title = {Do we Need Hundreds of Classifiers to Solve Real World Classification Problems?},
	volume = {15},
	year = {2014}}

@article{Wager2017-qk,
	author = {Wager, Stefan and Athey, Susan},
	journal = {J. Am. Stat. Assoc.},
	month = apr,
	pages = {1--15},
	title = {{Estimation and Inference of Heterogeneous Treatment Effects using Random Forests}},
	year = 2017}

@article{microarray,
	author = {Ram{\'o}n D{\'\i}az-Uriarte and Sara Alvarez de Andr{\'e}s},
	journal = {BMC Bioinformatics},
	number = {3},
	title = {Gene selection and classification of microarray data using random forest},
	volume = {7},
	year = {2006}}

@article{gbdt,
	author = {Jerome H. Friedman},
	journal = {The Annals of Statistics},
	number = {5},
	pages = {1189--1232},
	title = {Greedy Function Approximation: A Gradient Boosting Machine},
	volume = {29},
	year = {2001}}

@article{parameter,
	author = {Probst, Philipp and Wright, Marvin N. and Boulesteix, Anne-Laure},
	journal = {WIREs Data Mining and Knowledge Discovery},
	number = {3},
	pages = {e1301},
	title = {Hyperparameters and tuning strategies for random forest},
	volume = {9},
	year = {2019}}

@article{cifar,
	author = {Krizhevsky, Alex},
	journal = {University of Toronto},
	month = {05},
	title = {Learning Multiple Layers of Features from Tiny Images},
	year = {2012}}

@article{MHC,
	author = {Timothy J. O'Donnell and Alex Rubinsteyn and Maria Bonsack and Angelika B. Riemer and Uri Laserson and Jeff Hammerbacher},
	journal = {Cell Systems},
	number = {1},
	pages = {129-132.e4},
	title = {MHCflurry: Open-Source Class I MHC Binding Affinity Prediction},
	volume = {7},
	year = {2018}}

@article{jurtz,
	author = {Jurtz, Vanessa and Paul, Sinu and Andreatta, Massimo and Marcatili, Paolo and Peters, Bjoern and Nielsen, Morten},
	journal = {The Journal of Immunology},
	number = {9},
	pages = {3360--3368},
	title = {NetMHCpan-4.0: Improved Peptide{\textendash}MHC Class I Interaction Predictions Integrating Eluted Ligand and Peptide Binding Affinity Data},
	volume = {199},
	year = {2017}}

@article{lunch,
	author = {Wolpert, D.H. and Macready, W.G.},
	journal = {IEEE Transactions on Evolutionary Computation},
	number = {1},
	pages = {67-82},
	title = {No free lunch theorems for optimization},
	volume = {1},
	year = {1997}}

@article{slow_conv,
	author = {Luc Devroye},
	journal = {Zeitschrift f{\"u}r Wahrscheinlichkeitstheorie und Verwandte Gebiete},
	pages = {475-483},
	title = {On arbitrarily slow rates of global convergence in density estimation},
	volume = {62},
	year = {1983}}

@article{OpenML2013,
	author = {Vanschoren, Joaquin and van Rijn, Jan N. and Bischl, Bernd and Torgo, Luis},
	journal = {SIGKDD Explorations},
	number = {2},
	pages = {49--60},
	title = {OpenML: Networked Science in Machine Learning},
	volume = {15},
	year = {2013}}

@article{scikit-learn,
	author = {Pedregosa, F. and Varoquaux, G. and Gramfort, A. and Michel, V. and Thirion, B. and Grisel, O. and Blondel, M. and Prettenhofer, P. and Weiss, R. and Dubourg, V. and Vanderplas, J. and Passos, A. and Cournapeau, D. and Brucher, M. and Perrot, M. and Duchesnay, E.},
	journal = {Journal of Machine Learning Research},
	pages = {2825--2830},
	title = {Scikit-learn: Machine Learning in {P}ython},
	volume = {12},
	year = {2011}}

@article{sporf,
	author = {Tyler M. Tomita and James Browne and Cencheng Shen and Jaewon Chung and Jesse L. Patsolic and Benjamin Falk and Carey E. Priebe and Jason Yim and Randal Burns and Mauro Maggioni and Joshua T. Vogelstein},
	journal = {Journal of Machine Learning Research},
	number = {104},
	pages = {1-39},
	title = {Sparse Projection Oblique Randomer Forests},
	volume = {21},
	year = {2020}}

@incollection{lecun2012efficient,
	author = {LeCun, Yann A and Bottou, L{\'e}on and Orr, Genevieve B and M{\"u}ller, Klaus-Robert},
	booktitle = {Neural networks: Tricks of the trade},
	pages = {9--48},
	publisher = {Springer},
	title = {Efficient backprop},
	year = {2012}}

@incollection{pytorch,
	author = {Paszke, Adam and Gross, Sam and Massa, Francisco and Lerer, Adam and Bradbury, James and Chanan, Gregory and Killeen, Trevor and Lin, Zeming and Gimelshein, Natalia and Antiga, Luca and Desmaison, Alban and Kopf, Andreas and Yang, Edward and DeVito, Zachary and Raison, Martin and Tejani, Alykhan and Chilamkurthy, Sasank and Steiner, Benoit and Fang, Lu and Bai, Junjie and Chintala, Soumith},
	booktitle = {Advances in Neural Information Processing Systems 32},
	editor = {H. Wallach and H. Larochelle and A. Beygelzimer and F. d\textquotesingle Alch\'{e}-Buc and E. Fox and R. Garnett},
	pages = {8024--8035},
	publisher = {Curran Associates, Inc.},
	title = {PyTorch: An Imperative Style, High-Performance Deep Learning Library},
	year = {2019}}

@inproceedings{svetnik,
	address = {Berlin, Heidelberg},
	author = {Svetnik, Vladimir and Liaw, Andy and Tong, Christopher and Wang, Ting},
	booktitle = {Multiple Classifier Systems},
	editor = {Roli, Fabio and Kittler, Josef and Windeatt, Terry},
	pages = {334--343},
	publisher = {Springer Berlin Heidelberg},
	title = {Application of Breiman's Random Forest to Modeling Structure-Activity Relationships of Pharmaceutical Molecules},
	year = {2004}}

@inproceedings{li,
	author = {Li, Mingchen and Soltanolkotabi, Mahdi and Oymak, Samet},
	booktitle = {Proceedings of the Twenty Third International Conference on Artificial Intelligence and Statistics},
	editor = {Silvia Chiappa and Roberto Calandra},
	month = {26--28 Aug},
	pages = {4313--4324},
	publisher = {PMLR},
	series = {Proceedings of Machine Learning Research},
	title = {Gradient Descent with Early Stopping is Provably Robust to Label Noise for Overparameterized Neural Networks},
	volume = {108},
	year = {2020}}

@inproceedings{Krizhevsky2012-sq,
	author = {Krizhevsky, Alex and Sutskever, Ilya and Hinton, Geoffrey E},
	booktitle = {{Advances in Neural Information Processing Systems}},
	pages = {1097--1105},
	title = {{ImageNet Classification with Deep Convolutional Neural Networks}},
	year = 2012}

@inproceedings{pmlr-v70-guo17a,
	author = {Chuan Guo and Geoff Pleiss and Yu Sun and Kilian Q. Weinberger},
	booktitle = {Proceedings of the 34th International Conference on Machine Learning},
	editor = {Precup, Doina and Teh, Yee Whye},
	month = {06--11 Aug},
	pages = {1321--1330},
	publisher = {PMLR},
	series = {Proceedings of Machine Learning Research},
	title = {On Calibration of Modern Neural Networks},
	volume = {70},
	year = {2017}}

@inproceedings{pmlr-v119-rice20a,
	author = {Rice, Leslie and Wong, Eric and Kolter, Zico},
	booktitle = {Proceedings of the 37th International Conference on Machine Learning},
	editor = {III, Hal Daum{\'e} and Singh, Aarti},
	month = {13--18 Jul},
	pages = {8093--8104},
	publisher = {PMLR},
	series = {Proceedings of Machine Learning Research},
	title = {Overfitting in adversarially robust deep learning},
	volume = {119},
	year = {2020}}

@inproceedings{caruana,
	author = {Caruana, Rich and Lawrence, Steve and Giles, C.},
	booktitle = {Advances in Neural Information Processing Systems},
	editor = {T. Leen and T. Dietterich and V. Tresp},
	publisher = {MIT Press},
	title = {Overfitting in Neural Nets: Backpropagation, Conjugate Gradient, and Early Stopping},
	volume = {13},
	year = {2001}}

@inproceedings{svhn,
	author = {Yuval Netzer and Tao Wang and Adam Coates and Alessandro Bissacco and Bo Wu and Andrew Y. Ng},
	booktitle = {NIPS Workshop on Deep Learning and Unsupervised Feature Learning 2011},
	title = {Reading Digits in Natural Images with Unsupervised Feature Learning},
	year = {2011}}

@inproceedings{nasr,
	author = {Nasr, Seham and Quwaider, Muhannad and Qureshi, Rizwan},
	booktitle = {2021 International Conference on Information Technology (ICIT)},
	pages = {517-521},
	title = {Text-independent Speaker Recognition using Deep Neural Networks},
	year = {2021}}

@misc{FSDD,
	author = {Zohar Jackson and C{\'e}sar Souza and Jason Flaks and Yuxin Pan and Hereman Nicolas and Adhish Thite},
	month = aug,
	title = {Jakobovski/free-spoken-digit-dataset: v1.0.8},
	year = 2018}

@unpublished{bouthillier,
	author = {Xavier Bouthillier and Pierre Delaunay and Mirko Bronzi and Assya Trofimov and Brennan Nichyporuk and Justin Szeto and Naz Sepah and Edward Raff and Kanika Madan and Vikram Voleti and Samira Ebrahimi Kahou and Vincent Michalski and Dmitriy Serdyuk and Tal Arbel and Chris Pal and Ga{\"e}l Varoquaux and Pascal Vincent},
	note = {Arxiv preprint at \url{http://arxiv.org/abs/2103.03098}},
	title = {Accounting for Variance in Machine Learning Benchmarks},
	year = {2021}}

@unpublished{resnet,
	author = {Kaiming He and Xiangyu Zhang and Shaoqing Ren and Jian Sun},
	note = {Arxiv preprint at \url{http://arxiv.org/abs/1512.03385}},
	title = {Deep Residual Learning for Image Recognition},
	year = {2015}}

@unpublished{Brown2020-tz,
	author = {Brown, Tom B and Mann, Benjamin and Ryder, Nick and Subbiah, Melanie and Kaplan, Jared and Dhariwal, Prafulla and Neelakantan, Arvind and Shyam, Pranav and Sastry, Girish and Askell, Amanda and Agarwal, Sandhini and Herbert-Voss, Ariel and Krueger, Gretchen and Henighan, Tom and Child, Rewon and Ramesh, Aditya and Ziegler, Daniel M and Wu, Jeffrey and Winter, Clemens and Hesse, Christopher and Chen, Mark and Sigler, Eric and Litwin, Mateusz and Gray, Scott and Chess, Benjamin and Clark, Jack and Berner, Christopher and McCandlish, Sam and Radford, Alec and Sutskever, Ilya and Amodei, Dario},
	month = may,
	note = {Arxiv preprint at \url{http://arxiv.org/abs/2005.14165}},
	title = {{Language Models are Few-Shot Learners}},
	year = 2020}

@unpublished{bischl,
	author = {Bernd Bischl and Giuseppe Casalicchio and Matthias Feurer and Frank Hutter and Michel Lang and Rafael G. Mantovani and Jan N. van Rijn and Joaquin Vanschoren},
	note = {Arxiv preprint at \url{http://arxiv.org/abs/1708.03731}},
	title = {OpenML Benchmarking Suites},
	year = {2019}}

@unpublished{OpenMLPython2019,
	author = {Matthias Feurer and Jan N. van Rijn and Arlind Kadra and Pieter Gijsbers and Neeratyoy Mallik and Sahithya Ravi and Andreas Mueller and Joaquin Vanschoren and Frank Hutter},
	note = {Arxiv preprint at \url{http://arxiv.org/abs/1911.02490}},
	title = {OpenML-Python: an extensible Python API for OpenML},
	year = {2019}}

@unpublished{Zhang2020-vg,
	author = {Zhang, Yu and Qin, James and Park, Daniel S and Han, Wei and Chiu, Chung-Cheng and Pang, Ruoming and Le, Quoc V and Wu, Yonghui},
	month = oct,
	note = {Arxiv preprint at \url{http://arxiv.org/abs/2010.10504}},
	title = {{Pushing the Limits of Semi-Supervised Learning for Automatic Speech Recognition}},
	year = 2020}
